@unpublished{brandtetal,
	author	= "Sami S. Brandt and Gopal Karemore and Mads Nielsen",
	title		= "Anatomically Oriented Breast Coordinate System for Mammogram Analysis",
	note		= "draft",
	month		= "Januar",
	year		= "2010"
}

@article{houghbasic,
	author	= "Richard O. Duda and Peter E. Hart",
	title		= "USE OF THE HOUGH TRANSFORMATION TO DETECT LINES AND CURVES IN PICTURES",
	journal	= "Comm. ACM",
	volume	= "15",
	number	= "1",
	pages		= "11-15",
	year		= "1972"
	%month	= "",
	%note	= "",
}